% biblio.bib
@book{Gray:1992:BHD:530588,
 author = {Gray, Jim},
 title = {Benchmark Handbook: For Database and Transaction Processing Systems},
 year = {1992},
 isbn = {1558601597},
 publisher = {Morgan Kaufmann Publishers Inc.},
 address = {San Francisco, CA, USA},
} 
@misc{hadoop,
  author =       {},
  title =        {{Hadoop Architecture. Available at \url{http://docs.hortonworks.com}. Accessed on 30th June 2014}},
  month  =       {November},
  year =         {2011},
  url = "http://docs.hortonworks.com"
}
@Article{hive,
  author =       "Ashish Thusoo and Joydeep Sen Sarma and Namit Jain and Zheng Shao and Prasad Chakka and Suresh Anthony and Hao Liu and Pete Wyckoff and Raghotham Murthy",
  title =        {{Hive - A Warehousing Solution Over a Map-Reduce Framework}},
  journal =      {Proceedings of the VLDB Endowment},
  month = 	 {August},
  year =         {2009},
  pages =	 {1626-1629}
}

@article{paper,
  title={Interactive analytical processing in big data systems: A cross-industry study of mapreduce workloads},
  author={Chen, Yanpei and Alspaugh, Sara and Katz, Randy},
  journal={Proceedings of the VLDB Endowment},
  volume={5},
  number={12},
  pages={1802--1813},
  year={2012},
  publisher={VLDB Endowment}
}


@misc{ganglia,
  author =       {},
  title =        {{Ganglia Installation. Available at \url{ http://www.slashroot.in/how-install-and-configure-ganglia-gmod-and-ganglia-
gmetad}. Accessed on 26th June 2014}},
  month  =       {March},
  year =         {2013},
 
}
@Article{doug,
  author =       "D. Laney",
  title =        {{3D Data Management : Controlling Data Volume, Velocity and Variety}},
  journal =      {Technical report, Meta Group},
  year =         {2001},
}
@misc{bigbenchgit,
  author =       {},
  title =        {{BigBench Installation \\ \url{https://github.com/intel-hadoop/Big-Bench/blob/master/README.md}. Accessed on \today}},
}



@inproceedings{ghazal,
  title={Bigbench: Towards an industry standard benchmark for big data analytics},
  author={Ghazal, Ahmad and Rabl, Tilmann and Hu, Minqing and Raab, Francois and Poess, Meikel and Crolotte, Alain and Jacobsen, Hans-Arno},
  booktitle={Proceedings of the 2013 international conference on Management of data},
  pages={1197--1208},
  year={2013},
  organization={ACM}
}


@incollection{bigb,
  title={BigBench Specification V0. 1},
  author={Rabl, Tilmann and Ghazal, Ahmad and Hu, Minqing and Crolotte, Alain and Raab, Francois and Poess, Meikel and Jacobsen, Hans-Arno},
  booktitle={Specifying Big Data Benchmarks},
  pages={164--201},
  year={2014},
  publisher={Springer}
}

@article{paper1,
  title={Bdgs: A scalable big data generator suite in big data benchmarking},
  author={Ming, Zijian and Luo, Chunjie and Gao, Wanling and Han, Rui and Yang, Qiang and Wang, Lei and Zhan, Jianfeng},
  journal={arXiv preprint arXiv:1401.5465},
  year={2014}
}
